@inproceedings{kamra2019AAMAS,
    author = "Kamra, Nitin and Gupta, Umang and Wang, Kai and Fang, Fei and Liu, Yan and Tambe, Milind",
    title = "{Deep Fictitious Play for Games with Continuous Action Spaces}",
    booktitle = "Proceedings of the 18th International Conference on Autonomous Agents and MultiAgent Systems (AAMAS)",
    pages = "2042--2044",
    year = "2019",
    organization = "International Foundation for Autonomous Agents and Multiagent Systems",
    url = "https://dl.acm.org/doi/10.5555/3306127.3332004"
}
