@inproceedings{dolatabadi2020advflow,
  title={AdvFlow: Inconspicuous Black-box Adversarial Attacks using Normalizing Flows},
  author={Hadi Mohaghegh Dolatabadi and Sarah Erfani and Christopher Leckie},
  booktitle = {Proceedings of the Advances in Neural Information Processing Systems 33: Annual Conference on Neural Information Processing Systems ({NeurIPS})},
  year={2020}
}