@article{dolatabadi2022acs,
  title={Adversarial Coreset Selection for Efficient Robust Training},
  author={Hadi Mohaghegh Dolatabadi and Sarah Erfani and Christopher Leckie},
  journal={arXiv preprint arXiv:2209.05785},
  year={2022}
}
