@INPROCEEDINGS{dolatabadi2020LRS,
author  = {Mohaghegh Dolatabadi, Hadi and Erfani, Sarah and Leckie, Christopher},
booktitle={The 23rd International Conference on Artificial Intelligence and Statistics (AISTATS) 2020},
title={Invertible Generative Modeling using Linear Rational Splines},
year={2020},
volume={},
number={},
pages={},
month={June},}