@article{dolatabadi2023devil,
  title={The Devil's Advocate: Shattering the Illusion of Unexploitable Data using Diffusion Models},
  author={Hadi Mohaghegh Dolatabadi and Sarah Erfani and Christopher Leckie},
  journal={arXiv preprint arXiv:2303.08500},
  year={2023}
}