@ARTICLE{dolatabadi2019Weyl,
author={H. M. {Dolatabadi} and A. {Amini}},
journal={IEEE Signal Processing Letters},
title={Deterministic Design of Toeplitz Matrices With Small Coherence Based on Weyl Sums},
year={2019},
volume={26},
number={10},
pages={1501-1505},
keywords={compressed sensing;convolution;number theory;polynomials;Toeplitz matrices;deterministic design;Weyl sums;deterministic measurement matrices;compressed sensing;structured measurement matrices;Toeplitz structure;linear shift-invariant systems;unit modulus elements;matrix elements;Weyl sum theorem;Gaussian Toeplitz matrices;convolution operator;analytic number theory;polynomials;Coherence;Sparse matrices;Sensors;Manganese;Compressed sensing;Tools;Channel estimation;Coherence;compressive sensing;Toeplitz matrix;sparse channel estimation;Weyl sum},
doi={10.1109/LSP.2019.2923843},
ISSN={1558-2361},
month={Oct},}