@inproceedings{dolatabadi2022collider,
  title={COLLIDER: A Robust Training Framework for Backdoor Data},
  author={Hadi Mohaghegh Dolatabadi and Sarah Erfani and Christopher Leckie},
  booktitle={Proceedings of the 16th Asian Conference on Computer Vision (ACCV)},
  pages={3893--3910},
  year={2022}
}
