@inproceedings{dolatabadi2022ellinf,
  title={$\ell_\infty $-Robustness and Beyond: Unleashing Efficient Adversarial Training},
  author={Hadi Mohaghegh Dolatabadi and Sarah Erfani and Christopher Leckie},
  booktitle={Proceedings of the 17th European Conference on Computer Vision (ECCV)},
  pages={467--483},
  year={2022}
}
