@INPROCEEDINGS{dolatabadi2017ac,
author={H. M. {Dolatabadi} and A. {Amini}},
booktitle={2017 International Conference on Sampling Theory and Applications ({SampTA})},
title={A sampling theorem for convex shapes with algebraic boundaries},
year={2017},
volume={},
number={},
pages={499-503},
keywords={image sampling;method of moments;polynomials;sampling theorem;convex shapes;algebraic boundaries;continuous-domain black and white images;zero-level sets;bivariate polynomials;generalized 2D moments;linear annihilation equations;Shape;Mathematical model;Two dimensional displays;Kernel;Level set;Electronic mail;Technological innovation},
doi={10.1109/SAMPTA.2017.8024468},
ISSN={null},
month={July},}
