@inproceedings{lui2020towards,
  title={Towards understanding the impact of convective weather on aircraft arrival traffic at the Hong Kong International Airport},
  author={Lui, Go Nam and Liem, Rhea Patricia and Hon, Kai Kwong},
  booktitle={IOP Conference Series: Earth and Environmental Science},
  volume={569},
  number={1},
  pages={012067},
  year={2020},
  organization={IOP Publishing}
}