

@misc{grupp2017evo,
  title={evo: Python package for the evaluation of odometry and SLAM.},
  author={Grupp, Michael},
  howpublished={\url{https://github.com/MichaelGrupp/evo}},
  year={2017}
}

@article{zhou2020da4ad,
  title={DA4AD: End-to-End Deep Attention-Based Visual Localization for Autonomous Driving},
  author={Zhou, Yao and Wan, Guowei and Hou, Shenhua and Yu, Li and Wang, Gang and Rui, Xiaofei and Song, Shiyu},
  booktitle={European Conference on Computer Vision},
  pages={271--289},
  year={2020},
  organization={Springer}
}

@article{xiao2020monocular,
  title={Monocular Localization with Vector HD Map (MLVHM): A Low-Cost Method for Commercial IVs},
  author={Xiao, Zhongyang and Yang, Diange and Wen, Tuopu and Jiang, Kun and Yan, Ruidong},
  journal={Sensors},
  volume={20},
  number={7},
  pages={1870},
  year={2020},
  publisher={Multidisciplinary Digital Publishing Institute}
}

@article{yu2020Monocular,
  title={Monocular Camera Localization in Prior LiDAR Maps with 2D-3D Line Correspondences},
  author={ Yu, Huai  and  Zhen, Weikun  and  Yang, Wen  and  Zhang, Ji  and  Scherer, Sebastian },
  year={2020},
}

@article{2020AVP,
  title={AVP-SLAM: Semantic Visual Mapping and Localization for Autonomous Vehicles in the Parking Lot},
  author={ Qin, Tong  and  Chen, Tongqing  and  Chen, Yilun  and  Su, Qing },
  year={2020},
}

@article{paulsmonocular,
  title={Monocular Localization in HD Maps by Combining Semantic Segmentation and Distance Transform},
  author={Pauls, Jan-Hendrik and Petek, K{\"u}rsat and Poggenhans, Fabian and Stiller, Christoph}
}

@article{2020vision,
  title={vision global localization with semantic segmentation and interest feature points},
  author={},
  year={2020},
}

@article{2020HDMI,
  title={HDMI-Loc: Exploiting High Definition Map Image for Precise Localization via Bitwise Particle Filter},
  author={ Jeong, Jinyong  and  Cho, Younggun  and  Kim, Ayoung },
  journal={IEEE Robotics and Automation Letters},
  volume={PP},
  number={99},
  pages={1-1},
  year={2020},
}

@article{xiao2018monocular,
  title={Monocular Vehicle Self-localization method based on Compact Semantic Map},
  author={Xiao, Zhongyang and Jiang, Kun and Xie, Shichao and Wen, Tuopu and Yu, Chunlei and Yang, Diange},
  booktitle={2018 21st International Conference on Intelligent Transportation Systems (ITSC)},
  pages={3083--3090},
  year={2018},
  organization={IEEE}
}

@article{lu2017Monocular,
  title={Monocular localization in urban environments using road markings},
  author={ Lu, Yan  and  Huang, Jiawei  and  Chen, Yi Ting  and  Heisele, Bernd },
  booktitle={2017 IEEE Intelligent Vehicles Symposium (IV)},
  year={2017},
}

@article{schreiber2013laneloc,
  title={Laneloc: Lane marking based localization using highly accurate maps},
  author={Schreiber, Markus and Kn{\"o}ppel, Carsten and Franke, Uwe},
  booktitle={2013 IEEE Intelligent Vehicles Symposium (IV)},
  pages={449--454},
  year={2013},
  organization={IEEE}
}

@article{jeong2019complex,
  title={Complex urban dataset with multi-level sensors from highly diverse urban environments},
  author={Jeong, Jinyong and Cho, Younggun and Shin, Young-Sik and Roh, Hyunchul and Kim, Ayoung},
  journal={The International Journal of Robotics Research},
  volume={38},
  number={6},
  pages={642--657},
  year={2019},
  publisher={SAGE Publications Sage UK: London, England}
}

@article{mur2017orb,
  title={Orb-slam2: An open-source slam system for monocular, stereo, and rgb-d cameras},
  author={Mur-Artal, Raul and Tard{\'o}s, Juan D},
  journal={IEEE Transactions on Robotics},
  volume={33},
  number={5},
  pages={1255--1262},
  year={2017},
  publisher={IEEE}
}

@inproceedings{zhang2014loam,
  title={LOAM: Lidar Odometry and Mapping in Real-time.},
  author={Zhang, Ji and Singh, Sanjiv},
  booktitle={Robotics: Science and Systems},
  volume={2},
  number={9},
  year={2014}
}

@article{sarlin2019coarse,
  title={From coarse to fine: Robust hierarchical localization at large scale},
  author={Sarlin, Paul-Edouard and Cadena, Cesar and Siegwart, Roland and Dymczyk, Marcin},
  booktitle={Proceedings of the IEEE/CVF Conference on Computer Vision and Pattern Recognition},
  pages={12716--12725},
  year={2019}
}

@article{kendall2015posenet,
  title={Posenet: A convolutional network for real-time 6-dof camera relocalization},
  author={Kendall, Alex and Grimes, Matthew and Cipolla, Roberto},
  booktitle={Proceedings of the IEEE international conference on computer vision},
  pages={2938--2946},
  year={2015}
}

@article{schenk2019reslam,
  title={RESLAM: A real-time robust edge-based SLAM system},
  author={Schenk, Fabian and Fraundorfer, Friedrich},
  booktitle={2019 International Conference on Robotics and Automation (ICRA)},
  pages={154--160},
  year={2019},
  organization={IEEE}
}

@inproceedings{schenk2017robust,
  title={Robust edge-based visual odometry using machine-learned edges},
  author={Schenk, Fabian and Fraundorfer, Friedrich},
  booktitle={2017 IEEE/RSJ International Conference on Intelligent Robots and Systems (IROS)},
  pages={1297--1304},
  year={2017},
  organization={IEEE}
}

@article{kuse2016robust,
  title={Robust camera motion estimation using direct edge alignment and sub-gradient method},
  author={Kuse, Manohar and Shen, Shaojie},
  booktitle={2016 IEEE international conference on robotics and automation (ICRA)},
  pages={573--579},
  year={2016},
  organization={IEEE}
}

@article{ronneberger2015u,
  title={U-net: Convolutional networks for biomedical image segmentation},
  author={Ronneberger, Olaf and Fischer, Philipp and Brox, Thomas},
  booktitle={International Conference on Medical image computing and computer-assisted intervention},
  pages={234--241},
  year={2015},
  organization={Springer}
}

@article{cordts2016cityscapes,
  title={The cityscapes dataset for semantic urban scene understanding},
  author={Cordts, Marius and Omran, Mohamed and Ramos, Sebastian and Rehfeld, Timo and Enzweiler, Markus and Benenson, Rodrigo and Franke, Uwe and Roth, Stefan and Schiele, Bernt},
  booktitle={Proceedings of the IEEE conference on computer vision and pattern recognition},
  pages={3213--3223},
  year={2016}
}

@article{engel2017direct,
  title={Direct sparse odometry},
  author={Engel, Jakob and Koltun, Vladlen and Cremers, Daniel},
  journal={IEEE transactions on pattern analysis and machine intelligence},
  volume={40},
  number={3},
  pages={611--625},
  year={2017},
  publisher={IEEE}
}

@article{he2016deep,
  title={Deep residual learning for image recognition},
  author={He, Kaiming and Zhang, Xiangyu and Ren, Shaoqing and Sun, Jian},
  booktitle={Proceedings of the IEEE conference on computer vision and pattern recognition},
  pages={770--778},
  year={2016}
}

@article{breu1995linear,
  title={Linear time Euclidean distance transform algorithms},
  author={Breu, Heinz and Gil, Joseph and Kirkpatrick, David and Werman, Michael},
  journal={IEEE Transactions on Pattern Analysis and Machine Intelligence},
  volume={17},
  number={5},
  pages={529--533},
  year={1995},
  publisher={IEEE}
}

@article{more1978levenberg,
  title={The Levenberg-Marquardt algorithm: implementation and theory},
  author={Mor{\'e}, Jorge J},
  booktitle={Numerical analysis},
  pages={105--116},
  year={1978},
  publisher={Springer}
}

@article{grisetti2011g2o,
  title={g2o: A general framework for (hyper) graph optimization},
  author={Grisetti, Giorgio and K{\"u}mmerle, Rainer and Strasdat, Hauke and Konolige, Kurt},
  booktitle={Proceedings of the IEEE International Conference on Robotics and Automation (ICRA), Shanghai, China},
  pages={9--13},
  year={2011}
}

@article{choi2020lane,
  title={In-Lane Localization and Ego-Lane Identification Method Based on Highway Lane Endpoints},
  author={Choi, Kyoungtaek and Suhr, Jae Kyu and Jung, Ho Gi},
  journal={Journal of Advanced Transportation},
  volume={2020},
  year={2020},
  publisher={Hindawi}
}

@article{jeong2020hdmi,
  title={HDMI-Loc: Exploiting High Definition Map Image for Precise Localization via Bitwise Particle Filter},
  author={Jeong, Jinyong and Cho, Younggun and Kim, Ayoung},
  journal={IEEE Robotics and Automation Letters},
  volume={5},
  number={4},
  pages={6310--6317},
  year={2020},
  publisher={IEEE}
}

@article{qin2018vins,
  title={Vins-mono: A robust and versatile monocular visual-inertial state estimator},
  author={Qin, Tong and Li, Peiliang and Shen, Shaojie},
  journal={IEEE Transactions on Robotics},
  volume={34},
  number={4},
  pages={1004--1020},
  year={2018},
  publisher={IEEE}
}

@inproceedings{yang2016pop,
  title={Pop-up slam: Semantic monocular plane slam for low-texture environments},
  author={Yang, Shichao and Song, Yu and Kaess, Michael and Scherer, Sebastian},
  booktitle={2016 IEEE/RSJ International Conference on Intelligent Robots and Systems (IROS)},
  pages={1222--1229},
  year={2016},
  organization={IEEE}
}

@inproceedings{detone2018superpoint,
  title={Superpoint: Self-supervised interest point detection and description},
  author={DeTone, Daniel and Malisiewicz, Tomasz and Rabinovich, Andrew},
  booktitle={Proceedings of the IEEE conference on computer vision and pattern recognition workshops},
  pages={224--236},
  year={2018}
}

@article{zhang2013efficient,
  title={An efficient and robust line segment matching approach based on LBD descriptor and pairwise geometric consistency},
  author={Zhang, Lilian and Koch, Reinhard},
  journal={Journal of Visual Communication and Image Representation},
  volume={24},
  number={7},
  pages={794--805},
  year={2013},
  publisher={Elsevier}
}

@article{ma2019exploiting,
  title={Exploiting sparse semantic HD maps for self-driving vehicle localization},
  author={Ma, Wei-Chiu and Tartavull, Ignacio and B{\^a}rsan, Ioan Andrei and Wang, Shenlong and Bai, Min and Mattyus, Gellert and Homayounfar, Namdar and Lakshmikanth, Shrinidhi Kowshika and Pokrovsky, Andrei and Urtasun, Raquel},
  journal={arXiv preprint arXiv:1908.03274},
  year={2019}
}

@article{livision,
  title={Vision Global Localization with Semantic Segmentation and Interest Feature Points},
  author={Li, Kai and Zhang, Xudong and Kun, LI and Zhang, Shuo}
}
