@conference{2019_ECS_Glasgow,
  title        = {{Symmetric} {Cell} {Study} of {Ferri}/{Ferrocyanide} {Stability} {As} a {Flow} {Battery} {Active} {Material}},
  author       = {Fell, Eric M. and De Porcellinis, Diana and Wong, Andrew A. and Goulet, Marc-Antoni and Aziz, Michael J.},
  year         = {2019},
  month        = {July},
  booktitle    = {{Electrochemical} {Conference} on {Energy} and the {Environment}},
  organization = {Electrochemical {Society}},
  doi          = {10.1149/MA2019-04/2/117},
  url          = {https://iopscience.iop.org/article/10.1149/MA2019-04/2/117/meta},
  address      = {Glasgow, {UK}}
  note         = {Talk},
}

@conference{2019_MIT_nets,
  title        = {{pH} {Swing} {Cycle} for {Direct} {Air} {Capture} {Driven} by {Aqueous} {Organic} {Redox} {Flow} {Batteries}},
  author       = {Fell, Eric M. and Aziz, Michael J.},
  year         = {2019},
  month        = {September},
  booktitle    = {{MIT} {Advanced} {Negative} {Emissions} {Technologies} {Workshop}},
  organization = {{MIT}},
  doi          = {},
  url          = {},
  address      = {Cambridge, {USA}},
  note         = {Invited {Talk}},
}

@conference{2021_IFBF,
  title        = {Recent progress in organic-based aqueous flow batteries: stability and synthetic techniques},
  author       = {Fell, Eric M. and Wu, Min and Jing, Yan and Wong, Andrew A. and Jin, Shijian and Tang, Zhijiang, and Pollack, Daniel A. and Kerr, Emily F. and Gordon, Roy G. and Aziz, Michael J.},
  year         = {2021},
  month        = {January},
  booktitle    = {The {International} {Flow} {Battery} {Forum}},
  organization = {{IFBF}},
  doi          = {},
  url          = {},
  address      = {}
  note         = {Invited {Talk}},
}

@conference{2021_E3C_fraunhofer,
  title        = {High-{Throughput} {Electrochemical} {Characterization} of {Aqueous} {Organic} {Redox} {Flow} {Battery} {Active} {Material}},
  author       = {Fell, Eric M. and Aziz, Michael J.},
  year         = {2021},
  month        = {May},
  booktitle    = {{E3C}-{Electrochemical} {Cell} {Concepts} {Colloquium}},
  organization = {Fraunhofer UMSICHT},
  doi          = {},
  url          = {},
  address      = {Fraunhofer UMSICHT}
  note         = {Talk},
}




@conference{2021_ ,
  title        = {High-{Throughput} {Electrochemical} {Characterization} of {Aqueous} {Organic} {Redox} {Flow} {Battery} {Active} {Material}},
  author       = {Fell, Eric M. and Aziz, Michael J.},
  year         = {},
  month        = {},
  booktitle    = {},
  organization = {},
  doi          = {},
  url          = {},
  address      = {}
  note         = {Talk},
}

@conference{2021_ ,
  title        = {High-{Throughput} {Electrochemical} {Characterization} of {Aqueous} {Organic} {Redox} {Flow} {Battery} {Active} {Material}},
  author       = {Fell, Eric M. and Aziz, Michael J.},
  year         = {},
  month        = {},
  booktitle    = {},
  organization = {},
  doi          = {},
  url          = {},
  address      = {}
  note         = {Talk},
}

@conference{2021_ ,
  title        = {High-{Throughput} {Electrochemical} {Characterization} of {Aqueous} {Organic} {Redox} {Flow} {Battery} {Active} {Material}},
  author       = {Fell, Eric M. and Aziz, Michael J.},
  year         = {},
  month        = {},
  booktitle    = {},
  organization = {},
  doi          = {},
  url          = {},
  address      = {}
  note         = {Talk},
}

@conference{2021_ ,
  title        = {High-{Throughput} {Electrochemical} {Characterization} of {Aqueous} {Organic} {Redox} {Flow} {Battery} {Active} {Material}},
  author       = {Fell, Eric M. and Aziz, Michael J.},
  year         = {},
  month        = {},
  booktitle    = {},
  organization = {},
  doi          = {},
  url          = {},
  address      = {}
  note         = {Talk},
}