@inproceedings{lipman2004reliable,
  title={Reliable optimised flooding in ad hoc networks},
  author={Lipman, Justin and Boustead, Paul and Chicharo, Joe},
  booktitle={Proceedings of the IEEE 6th Circuits and Systems Symposium on Emerging Technologies: Frontiers of Mobile and Wireless Communication (IEEE Cat. No. 04EX710)},
  volume={2},
  pages={521--524},
  year={2004},
  organization={IEEE}
}

@inproceedings{liu2005using,
  title={Using frequency division to reduce MAI in DS-CDMA wireless sensor networks},
  author={Liu, Bao Hua and Chou, Chun Tung and Lipman, Justin and Jha, Sanjay},
  booktitle={IEEE Wireless Communications and Networking Conference, 2005},
  volume={2},
  pages={657--663},
  year={2005},
  organization={IEEE}
}

@article{lipman2003resourceRAID,
  title={Resource aware information dissemination in ad hoc networks},
  author={Lipman, Justin and Boustead, Paul and Chicharo, Joe F and Judge, John},
  year={2003}
}

@article{lipman2003neighbor,
  title={Neighbor aware adaptive power flooding (naap) In mobile ad hoc networks},
  author={Lipman, Justin and Boustead, Paul and Judge, John},
  journal={International Journal of Foundations of Computer Science},
  volume={14},
  number={02},
  pages={237--252},
  year={2003},
  publisher={World Scientific Publishing Company}
}

@inproceedings{lipman2002utility,
  title={Utility-based multipoint relay flooding in heterogeneous mobile ad hoc networks},
  author={Lipman, Justin and Boustead, Paul and Judge, John},
  booktitle={Proceedings of the Workshop on the Internet, Telecommunications and Signal Processing (WITSP’02)},
  pages={27--33},
  year={2002}
}

@inproceedings{abolhasan2005efficient,
  title={Efficient and highly scalable route discovey for on-demand routing protocols in ad hoc networks},
  author={Abolhasan, Mehran and Lipman, Justin},
  booktitle={The IEEE Conference on Local Computer Networks 30th Anniversary (LCN'05) l},
  pages={358--366},
  year={2005},
  organization={IEEE}
}

@inproceedings{lipman2003resource,
  title={Resource aware information collection (raic) in ad hoc networks},
  author={Lipman, Justin and Boustead, Paul and Chicharo, Joe and Judge, John},
  booktitle={Proc. 2nd Mediterranean Ad Hoc Networking Workshop},
  pages={161--168},
  year={2003},
  organization={Citeseer}
}

@inproceedings{abolhasan2005performance,
  title={Performance Investigation on three-classes of MANET Routing Protocols},
  author={Abolhasan, Mehran and Wysocki, Tadeusz and Lipman, Justin},
  booktitle={2005 Asia-Pacific Conference on Communications},
  pages={774--778},
  year={2005},
  organization={IEEE}
}

@inproceedings{abolhasan2004routing,
  title={A routing strategy for heterogeneous mobile ad hoc networks},
  author={Abolhasan, Mehran and Lipman, Justin and Chicharo, Joe},
  booktitle={Proceedings of the IEEE 6th Circuits and Systems Symposium on Emerging Technologies: Frontiers of Mobile and Wireless Communication (IEEE Cat. No. 04EX710)},
  volume={1},
  pages={13--16},
  year={2004},
  organization={IEEE}
}

@article{lipman2002efficient,
  title={Efficient and Scalable Information Dissemination in Mobile Ad hoc Networks а},
  author={Lipman, J and Boustead, P and Judge, J},
  year={2002}
}

@article{abolhasan2005new,
  title={A new strategy to improve proactive route updates in mobile ad hoc networks},
  author={Abolhasan, Mehran and Wysocki, Tadeusz and Lipman, Justin},
  journal={EURASIP Journal on wireless communications and networking},
  volume={2005},
  number={5},
  pages={194739},
  year={2005},
  publisher={Springer International Publishing}
}

@inproceedings{lipman2003optimized,
  title={Optimized flooding algorithms for ad hoc networks},
  author={Lipman, Justin and Boustead, Paul and Chicharo, Joe and Judge, John},
  booktitle={Proceedings of The 2nd Workshop on the Internet, Telecommunications and Signal Processing (WITSP'03), Coolangatta, Gold Coast, Australia},
  year={2003}
}

@article{abolhasan2004load,
  title={Load-balanced route discovery for mobile ad hoc networks},
  author={Abolhasan, Mehran and Lipman, Justin and Wysocki, Tadeusz A},
  year={2004}
}

@inproceedings{wang2007separating,
  title={On separating route control and data flows in multi-radio multi-hop ad hoc network},
  author={Wang, J CP and Abolhasan, Mehran and Franklin, Daniel Robert and Safaei, Farzad and Lipman, Justin},
  booktitle={2007 15th IEEE International Conference on Networks},
  pages={19--24},
  year={2007},
  organization={IEEE}
}

@inproceedings{wang2006cache,
  title={On cache prefetching strategies for integrated infostation-cellular network},
  author={Wang, Jerry Chun-Ping and ElGindy, Hossam and Lipman, Justin},
  booktitle={Proceedings. 2006 31st IEEE Conference on Local Computer Networks},
  pages={185--192},
  year={2006},
  organization={IEEE}
}

@inproceedings{abolhasan2006self,
  title={Self-selection route discovery strategies for reactive routing in ad hoc networks},
  author={Abolhasan, Mehran and Lipman, Justin},
  booktitle={Proceedings of the first international conference on integrated internet ad hoc and sensor networks},
  pages={21--es},
  year={2006}
}

@inproceedings{movassaghi2011hierarchical,
  title={Hierarchical collision-free addressing protocol (HCAP) for body area networks},
  author={Movassaghi, Samaneh and Abolhasan, Mehran and Lipman, Justin},
  booktitle={2011 IEEE Conference on Computer Communications Workshops (INFOCOM WKSHPS)},
  pages={543--548},
  year={2011},
  organization={IEEE}
}

@incollection{lipman2009broadcast,
  title={Broadcast in ad hoc networks},
  author={Lipman, Justin and Liu, Hai and Stojmenovic, Ivan},
  booktitle={Guide to wireless ad hoc networks},
  pages={121--150},
  year={2009},
  publisher={Springer, London}
}

@inproceedings{alaamri2010optimising,
  title={On optimising route discovery for multi-interface and power-aware nodes in heterogeneous manets},
  author={AlAamri, Huda and Abolhasan, Mehran and Wysocki, Tadeusz and Lipman, Justin},
  booktitle={2010 6th International Conference on Wireless and Mobile Communications},
  pages={244--249},
  year={2010},
  organization={IEEE}
}

@incollection{lipman2005localised,
  title={Localised Minimum Spanning Tree Flooding in Ad-Hoc Networks},
  author={Lipman, Justin and Boustead, Paul and Chicharo, Joe},
  booktitle={Advanced Wired and Wireless Networks},
  pages={19--37},
  year={2005},
  publisher={Springer, Boston, MA}
}

@article{abolhasan2006capacity,
  title={Capacity of Single-Radio Ad Hoc Networks for Handling High Bit-Rate Real-Time Internet Applications},
  author={Abolhasan, Mehran and Wysocki, Tadeusz A and Franklin, Daniel and Lipman, Justin},
  journal={Computer \& Electronics Engineering Faculty Publications},
  pages={44},
  year={2006}
}

@inproceedings{movassaghi2011optimized,
  title={Optimized prophet address allocation (OPAA) for body area networks},
  author={Movassaghi, Samaneh and Abolhasan, Mehran and Lipman, Justin},
  booktitle={2011 7th International Wireless Communications and Mobile Computing Conference},
  pages={2098--2102},
  year={2011},
  organization={IEEE}
}

@article{movassaghi2011addressing,
  title={Addressing schemes for body area networks},
  author={Movassaghi, Samaneh and Abolhasan, Mehran and Lipman, Justin},
  journal={IEEE communications letters},
  volume={15},
  number={12},
  pages={1310--1313},
  year={2011},
  publisher={IEEE}
}

@article{lipman2005optimised,
  title={An optimised resource aware approach to information collection in ad hoc networks},
  author={Lipman, Justin and Abolhasan, Mehran and Boustead, Paul and Chicharo, Joe},
  journal={Ad Hoc Networks},
  volume={3},
  number={5},
  pages={643--655},
  year={2005},
  publisher={Elsevier}
}

@article{lipman2004information,
  title={Information dissemination and collection in ad hoc networks},
  author={Lipman, Justin},
  year={2004}
}

@article{alaamri2013optimised,
  title={Optimised relay selection for route discovery in reactive routing},
  author={AlAamri, Huda and Abolhasan, Mehran and Franklin, Daniel and Lipman, Justin},
  journal={Ad Hoc Networks},
  volume={11},
  number={1},
  pages={70--88},
  year={2013},
  publisher={Elsevier}
}

@inproceedings{chang1999gongeroos99,
  title={Gongeroos99 Team},
  author={Chang, Chee Fon and Ghose, Aditya and Harvey, Peter and Lipman, Justin},
  booktitle={RobocCup-99 Team Descriptions. Simulation League},
  number={004},
  pages={40--44},
  year={1999},
  organization={Link{\"o}ping University Electronic Press}
}

@inproceedings{chang1999gongeroos,
  title={Gongeroos’ 99},
  author={Chang, Chee Fon and Ghose, Aditya and Lipman, Justin and Harvey, Peter},
  booktitle={Robot Soccer World Cup},
  pages={572--575},
  year={1999},
  organization={Springer, Berlin, Heidelberg}
}

@inproceedings{movassaghi2012energy,
  title={Energy efficient thermal and power aware (ETPA) routing in body area networks},
  author={Movassaghi, Samaneh and Abolhasan, Mehran and Lipman, Justin},
  booktitle={2012 IEEE 23rd International Symposium on Personal, Indoor and Mobile Radio Communications-(PIMRC)},
  pages={1108--1113},
  year={2012},
  organization={IEEE}
}

@article{abolhasan2006load,
  title={Load-balanced route discovery strategy for mobile ad hoc networks},
  author={Abolhasan, Mehran and Wysocki, Tadeusz A and Lipman, Justin},
  year={2006}
}

@article{movassaghi2013review,
  title={A review of routing protocols in wireless body area networks},
  author={Movassaghi, Samaneh and Abolhasan, Mehran and Lipman, Justin},
  journal={Journal of Networks},
  year={2013}
}

@article{movassaghi2014wireless,
  title={Wireless Body Area Networks: A Survey},
  author={Movassaghi, Samaneh and Abolhasan, Mehran and Lipman, Justin and Smith, David and Jamalipour, Abbas},
  journal={IEEE Communications Surveys and Tutorials},
  year={2014}
}

@article{ni2015graph,
  title={Graph theory and its applications to future network planning: Software-defined online small cell management},
  author={Ni, Wei and Collings, Iain B and Lipman, Justin and Wang, Xin and Tao, Meixia and Abolhasan, Mehran},
  journal={IEEE Wireless Communications},
  volume={22},
  number={1},
  pages={52--60},
  year={2015},
  publisher={IEEE}
}

@misc{wang2016providing,
  title={Providing multiple content items for display on multiple devices},
  author={Wang, Jerry C and Lipman, Justin},
  year={2016},
  month=aug # "~30",
  note={US Patent 9,432,201}
}

@article{abolhasan2015software,
  title={Software-defined wireless networking: centralized, distributed, or hybrid?},
  author={Abolhasan, Mehran and Lipman, Justin and Ni, Wei and Hagelstein, Brett},
  journal={IEEE Network},
  volume={29},
  number={4},
  pages={32--38},
  year={2015},
  publisher={IEEE}
}


@misc{lipman2015methodproximity,
  title={Method and system for proximity and context based deduction of position for a GPS enable computing device},
  author={Lipman, Justin and Colby, Robert},
  year={2015},
  month=sep # "~22",
  note={US Patent 9,143,894}
}

@misc{xia2013method,
  title={Method and apparatus for directional proxmity detection},
  author={Xia, Fan and Lipman, Justin},
  year={2013},
  month=oct # "~24",
  note={US Patent App. 13/976,688}
}

@misc{lipman2014mechanism,
  title={Mechanism for proximity detection based on Wi-Fi signals},
  author={Lipman, Justin and Pering, Trevor and Zhao, Chengxue and Lyons, Kenton Michael},
  year={2014},
  month=sep # "~2",
  note={US Patent 8,824,316}
}

@misc{lipman2011method,
  title={Method and system for facilitating one-to-many data transmissions to a plurality of computing devices},
  author={Lipman, Justin},
  year={2011},
  month=dec # "~15",
  note={US Patent App. 13/061,429}
}

@misc{lipman2015trilateration,
  title={Trilateration processing},
  author={Lipman, Justin and Colby, Robert A and Louchheim, Sigal},
  year={2015},
  month=aug # "~25",
  note={US Patent 9,119,040}
}

@misc{pan2016building,
  title={Building floor determination for a location based service},
  author={Pan, Xiaoyong Jacky and Lipman, Justin and Colby, Robert A},
  year={2016},
  month=nov # "~1",
  note={US Patent 9,485,626}
}

@misc{lipman2018method,
  title={Method, apparatus and system for exchanging map information},
  author={Lipman, Justin and Colby, Robert A},
  year={2018},
  month=oct # "~2",
  note={US Patent 10,091,608}
}

@misc{lipman2016mechanism,
  title={Mechanism for employing and facilitating geodetic triangulation for determining global positioning of computing devices},
  author={Lipman, Justin and Colby, Robert A},
  year={2016},
  month=jul # "~12",
  note={US Patent 9,389,300}
}

@misc{colby2016trilateration,
  title={Trilateration processing of abnormal location data},
  author={Colby, Robert A and Louchheim, Sigal and Lipman, Justin and Pan, Xiaoyong},
  year={2016},
  month=nov # "~22",
  note={US Patent 9,504,000}
}

@misc{rider2016system,
  title={System and method to provide location-based digital signage services},
  author={Rider, Tomer and Lipman, Justin},
  year={2016},
  month=oct # "~4",
  note={US Patent 9,460,453}
}

@misc{lipman2014user,
  title={User effected adaptive streaming},
  author={Lipman, Justin and Chandrasekhar, Akshay},
  year={2014},
  month=dec # "~11",
  note={US Patent App. 13/996,461}
}

@misc{huang2016mobile,
  title={Mobile device positioning system},
  author={Huang, Yuhuan and Ding, Ke and Lipman, Justin and Pan, Xiaoyong and Yao, Weifeng},
  year={2016},
  month=mar # "~15",
  note={US Patent 9,288,629}
}

@misc{pan2015location,
  title={Location estimation based on adjusted distance values for a wireless device},
  author={Pan, Xiaoyong and Lipman, Justin},
  year={2015},
  month=may # "~12",
  note={US Patent 9,031,574}
}

@misc{yang2015systems,
  title={Systems and methods for simultaneously and automatically creating databases of wifi signal information},
  author={Yang, Xue and Colby, Robert A and Yang, Lei and Lipman, Justin and Pan, Xiaoyong},
  year={2015},
  month=aug # "~18",
  note={US Patent 9,113,310}
}

@misc{pan2016dead,
  title={Dead zone location detection apparatus and method},
  author={Pan, Xiaoyong Jacky and Lipman, Justin and Colby, Robert A},
  year={2016},
  month=sep # "~27",
  note={US Patent 9,453,902}
}

@misc{lipman2013method,
  title={Method and system for access point congestion detection and reduction},
  author={Lipman, Justin and Chen, Xiaodong Richard},
  year={2013},
  month=dec # "~10",
  note={US Patent 8,606,956}
}

@misc{lipman2015method,
  title={Method and system for facilitating one-to-many data transmissions with reduced network overhead},
  author={Lipman, Justin},
  year={2015},
  month=mar # "~10",
  note={US Patent 8,977,772}
}

@misc{pogorelik2017methods,
  title={Methods and systems for optimizing location-based wireless charging},
  author={Pogorelik, Oleg and Shaliv, Adi and Lipman, Justin and Porat, Shahar},
  year={2017},
  month=feb # "~7",
  note={US Patent 9,564,773}
}

@misc{pogorelik2014protecting,
  title={Protecting user identity and personal information by sharing a secret between personal IoT devices},
  author={Pogorelik, Oleg and Nayshtut, Alex and Muttik, Igor and Lipman, Justin},
  year={2014},
  month=nov # "~21",
  note={US Patent 9,769,133}
}

@misc{pan2017identification,
  title={Identification of rogue access points},
  author={Pan, Xiaoyong and Lipman, Justin and Colby, Robert A},
  year={2017},
  month=feb # "~21",
  note={US Patent 9,578,458}
}

@misc{colby2016mechanism,
  title={Mechanism for facilitating dynamic location-based zone management for computing systems},
  author={Colby, Robert and Pan, Xiaoyong and Lipman, Justin and Yong, Jiang},
  year={2016},
  month=jun # "~30",
  note={US Patent App. 14/129,919}
}

@misc{pan2017area,
  title={Area-based location privacy management},
  author={Pan, Xiaoyong and Lipman, Justin and Huang, Yuhuan and Jiang, Yong and Ding, Ke and Nguyen, Dzinh J and Colby, Robert A},
  year={2017},
  month=oct # "~31",
  note={US Patent 9,807,604}
}

@misc{wang2018providing,
  title={Providing multiple content items for display on multiple devices},
  author={Wang, Jerry C and Lipman, Justin},
  year={2018},
  month=dec # "~4",
  note={US Patent 10,149,119}
}

@misc{pan2017method,
  title={Method and apparatus for cross device automatic calibration},
  author={Pan, Xiaoyong and Lipman, Justin and Yang, Lei and Yang, Xue and Jiang, Yong Qually},
  year={2017},
  month=mar # "~9",
  note={US Patent App. 15/039,651}
}

@misc{pogorelik2018qr,
  title={QR image based device management},
  author={Pogorelik, Oleg and Nayshtut, Alex and Li, Hong and Lipman, Justin},
  year={2018},
  month=sep # "~25",
  note={US Patent 10,083,332}
}

@misc{rider2017system,
  title={System and method to provide location-based digital signage services},
  author={Rider, Tomer and Lipman, Justin},
  year={2017},
  month=aug # "~3",
  note={US Patent App. 15/284,059}
}

@misc{pan2017apparatus,
  title={Apparatus and method for self-service payment},
  author={Pan, Xiaoyong and Lipman, Justin},
  year={2017},
  month=aug # "~24",
  note={US Patent App. 15/323,723}
}

@misc{vicente2020context,
  title={Context-based resource access mediation},
  author={Vicente, John and Lipman, Justin},
  year={2020},
  month=feb # "~11",
  note={US Patent 10,560,462}
}

@misc{misra2009guide,
  title={Guide to wireless ad hoc networks},
  author={Misra, Sudip and Woungang, Isaac and Misra, Subhas Chandra},
  year={2009},
  publisher={Springer Science \& Business Media}
}

@misc{justin2017enhanced,
  title={Enhanced wireless display},
  author={Justin Lipman, Zhaohua L. Yi},
  year={2017},
  month=sep # "~5",
  note={US Patent 9,756,333}
}

@misc{moran2017flight,
  title={Flight Management and Control for Unmanned Aerial Vehicles},
  author={Moran, Michael T and Lipman, Justin and Wyss, Dana K and Madrigal, Gina C and Ferguson, Esther I and Pena, Abran E},
  year={2017},
  month=nov # "~23",
  note={US Patent App. 15/162,215}
}

@misc{pogorelik2019protecting,
  title={Protecting user identity by sharing a secret between personal IoT devices},
  author={Pogorelik, Oleg and Nayshtut, Alex and Muttik, Igor and Lipman, Justin},
  year={2019},
  month=dec # "~3",
  note={US Patent 10,498,715}
}

@misc{pan2018area,
  title={Area-based location privacy management},
  author={Pan, Xiaoyong and Lipman, Justin and Huang, Yuhuan and Jiang, Yong and Ding, Ke and Nguyen, Dzinh J and Colby, Robert A},
  year={2018},
  month=mar # "~22",
  note={US Patent App. 15/797,445}
}

@misc{lipman2019method,
  title={Method and system for facilitating one-to-many data transmissions with reduced network overhead},
  author={Lipman, Justin},
  year={2019},
  month=dec # "~10",
  note={US Patent 10,503,599}
}

@article{abolhasan2018routing,
  title={A routing framework for offloading traffic from cellular networks to SDN-based multi-hop device-to-device networks},
  author={Abolhasan, Mehran and Abdollahi, Mahrokh and Ni, Wei and Jamalipour, Abbas and Shariati, Negin and Lipman, Justin},
  journal={IEEE Transactions on Network and Service Management},
  volume={15},
  number={4},
  pages={1516--1531},
  year={2018},
  publisher={IEEE}
}

@article{makhdoom2018anatomy,
  title={Anatomy of threats to the internet of things},
  author={Makhdoom, Imran and Abolhasan, Mehran and Lipman, Justin and Liu, Ren Ping and Ni, Wei},
  journal={IEEE Communications Surveys \& Tutorials},
  volume={21},
  number={2},
  pages={1636--1675},
  year={2018},
  publisher={IEEE}
}

@inproceedings{tofigh2018crowd,
  title={Crowd Density Mapping Based on Wi-Fi Measurements on Train Platforms},
  author={Tofigh, Farzad and Mao, Guoqiang and Lipman, Justin and Abolhasan, Mehran},
  booktitle={2018 12th International Conference on Signal Processing and Communication Systems (ICSPCS)},
  pages={1--7},
  year={2018},
  organization={IEEE}
}

@inproceedings{chemalamarri2018multi,
  title={A Multi-agent Controller to enable Cognition in Software Defined Networks},
  author={Chemalamarri, Vijaya Durga and Braun, Robin and Lipman, Justin and Abolhasan, Mehran},
  booktitle={2018 28th International Telecommunication Networks and Applications Conference (ITNAC)},
  pages={1--5},
  year={2018},
  organization={IEEE}
}

@inproceedings{gamal2018multi,
  title={Multi objective resource optimisation for network function virtualisation requests},
  author={Gamal, Mahmoud and Abolhasan, Mehran and Lipman, Justin and Liu, Ren Ping and Ni, Wei},
  booktitle={2018 26th International Conference on Systems Engineering (ICSEng)},
  pages={1--7},
  year={2018},
  organization={IEEE}
}

@article{amiri2019miniature,
  title={Miniature tri-wideband Sierpinski--Minkowski fractals metamaterial perfect absorber},
  author={Amiri, Majid and Tofigh, Farzad and Shariati, Negin and Lipman, Justin and Abolhasan, Mehran},
  journal={IET Microwaves, Antennas \& Propagation},
  volume={13},
  number={7},
  pages={991--996},
  year={2019},
  publisher={IET Digital Library}
}

@inproceedings{abdollahi2019routing,
  title={A Routing Protocol for SDN-based Multi-hop D2D Communications},
  author={Abdollahi, Mahrokh and Abolhasan, Mehran and Shariati, Negin and Lipman, Justin and Jamalipour, Abbas and Ni, Wei},
  booktitle={2019 16th IEEE Annual Consumer Communications \& Networking Conference (CCNC)},
  pages={1--4},
  year={2019},
  organization={IEEE}
}

@misc{pan2019technologies,
  title={Technologies for propogating advertisements},
  author={Pan, Xiaoyong and Lipman, Justin},
  year={2019},
  month=mar # "~14",
  note={US Patent App. 16/084,481}
}

@article{saki2019novel,
  title={A Novel Approach for Big Data Classification and Transportation in Rail Networks},
  author={Saki, Mahdi and Abolhasan, Mehran and Lipman, Justin},
  journal={IEEE Transactions on Intelligent Transportation Systems},
  volume={21},
  number={3},
  pages={1239--1249},
  year={2019},
  publisher={IEEE}
}

@article{khan2019hybrid,
  title={A hybrid-fuzzy logic guided genetic algorithm (H-FLGA) approach for resource optimization in 5G VANETs},
  author={Khan, Ammara Anjum and Abolhasan, Mehran and Ni, Wei and Lipman, Justin and Jamalipour, Abbas},
  journal={IEEE Transactions on Vehicular Technology},
  volume={68},
  number={7},
  pages={6964--6974},
  year={2019},
  publisher={IEEE}
}

@misc{pogorelik2020qr,
  title={QR image based device management},
  author={Pogorelik, Oleg and Nayshtut, Alex and Li, Hong and Lipman, Justin},
  year={2020},
  month=apr # "~14",
  note={US Patent 10,621,399}
}

@inproceedings{ashtari2019efficient,
  title={Efficient Cellular Base Stations Sleep Mode Control Using Image Matching},
  author={Ashtari, Sepehr and Tofigh, Farzad and Abolhasan, Mehran and Lipman, Justin and Ni, Wei},
  booktitle={2019 IEEE 89th Vehicular Technology Conference (VTC2019-Spring)},
  pages={1--7},
  year={2019},
  organization={IEEE}
}

@inproceedings{saki2019big,
  title={A Big Sensor Data Offloading Scheme in Rail Networks},
  author={Saki, Mahdi and Abolhasan, Mehran and Lipman, Justin},
  booktitle={2019 IEEE 89th Vehicular Technology Conference (VTC2019-Spring)},
  pages={1--6},
  year={2019},
  organization={IEEE}
}

@article{tofigh2019low,
  title={Low-Frequency Metamaterial Absorber Using Space-Filling Curve},
  author={Tofigh, Farzad and Amiri, Majid and Shariati, Negin and Lipman, Justin and Abolhasan, Mehran},
  journal={Journal of Electronic Materials},
  volume={48},
  number={10},
  pages={6451--6459},
  year={2019},
  publisher={Springer US}
}

@inproceedings{zhou2019blockchain,
  title={A Blockchain-based File-sharing System for Academic Paper Review},
  author={Zhou, Ian and Makhdoom, Imran and Abolhasan, Mehran and Lipman, Justin and Shariati, Negin},
  booktitle={2019 13th International Conference on Signal Processing and Communication Systems (ICSPCS)},
  pages={1--10},
  year={2019},
  organization={IEEE}
}

@article{makhdoom2020privysharing,
  title={PrivySharing: A blockchain-based framework for privacy-preserving and secure data sharing in smart cities},
  author={Makhdoom, Imran and Zhou, Ian and Abolhasan, Mehran and Lipman, Justin and Ni, Wei},
  journal={Computers \& Security},
  volume={88},
  pages={101653},
  year={2020},
  publisher={Elsevier Advanced Technology}
}

@inproceedings{gamal2019mappingVNF,
  title={Mapping and Scheduling for Non-Uniform Arrival of Virtual Network Function (VNF) Requests},
  author={Gamal, Mahmoud and Jafarizadeh, Saber and Abolhasan, Mehran and Lipman, Justin and Ni, Wei},
  booktitle={2019 IEEE 90th Vehicular Technology Conference (VTC2019-Fall)},
  pages={1--6},
  year={2019},
  organization={IEEE}
}

@inproceedings{gamal2019mapping,
  title={Mapping and Scheduling of Virtual Network Functions using Multi Objective Optimization Algorithm},
  author={Gamal, Mahmoud and Abolhasan, Mehran and Lipman, Justin and Ni, Wei},
  booktitle={2019 19th International Symposium on Communications and Information Technologies (ISCIT)},
  pages={328--333},
  year={2019},
  organization={IEEE}
}

@article{jafarizadeh2020optimizing,
  title={Optimizing synchronizability in networks of coupled systems},
  author={Jafarizadeh, Saber and Tofigh, Farzad and Lipman, Justin and Abolhasan, Mehran},
  journal={Automatica},
  volume={112},
  pages={108711},
  year={2020},
  publisher={Pergamon}
}

@article{tofigh2019crowd,
  title={Crowd Estimation Using Electromagnetic Wave Power-Level Measurements: A Proof of Concept},
  author={Tofigh, Farzad and Amiri, Majid and Shariati, Negin and Lipman, Justin and Abolhasan, Mehran},
  journal={IEEE Transactions on Vehicular Technology},
  volume={69},
  number={1},
  pages={784--792},
  year={2019},
  publisher={IEEE}
}

@article{tofigh2019polarization,
  title={Polarization-Insensitive Metamaterial Absorber for Crowd Estimation Based on Electromagnetic Energy Measurements},
  author={Tofigh, Farzad and Amiri, Majid and Shariati, Negin and Lipman, Justin and Abolhasan, Mehran},
  journal={IEEE Transactions on Antennas and Propagation},
  volume={68},
  number={3},
  pages={1458--1467},
  year={2019},
  publisher={IEEE}
}

@inproceedings{makhdoom2019privysharing,
  title={PrivySharing: A Blockchain-based framework for integrity and privacy-preserving data sharing in Smart Cities},
  author={Makhdoom, Imran and Zhou, Ian and Abolhasan, Mehran and Lipman, Justin and Ni, Wei},
  booktitle={ICETE 2019-Proceedings of the 16th International Joint Conference on e-Business and Telecommunications},
  year={2019}
}


@article{zhou2020frost,
  title={Frost monitoring cyber-physical system: a survey on prediction and active protection methods},
  author={Zhou, Ian and Lipman, Justin and Abolhasan, Mehran and Shariati, Negin and Lamb, David W},
  journal={IEEE Internet of Things Journal},
  year={2020},
  publisher={IEEE}
}

@misc{pogorelik2020protecting,
  title={Protecting user identity and personal information by sharing a secret between personal iot devices},
  author={Pogorelik, Oleg and Nayshtut, Alex and Muttik, Igor and Lipman, Justin},
  year={2020},
  month=apr # "~2",
  note={US Patent App. 16/700,280}
}

@inproceedings{makhdoom2020pledge,
  title={PLEDGE: A Proof-of-Honesty based Consensus Protocol for Blockchain-based IoT Systems},
  author={Makhdoom, Imran and Tofigh, Farzad and Zhou, Ian and Abolhasan, Mehran and Lipman, Justin},
  booktitle={2020 IEEE International Conference on Blockchain and Cryptocurrency (ICBC)},
  pages={1--3},
  year={2020},
  organization={IEEE}
}

@inproceedings{amiri2020ultra,
  title={Ultra Wideband Dual Polarization Metamaterial Absorber for 5G frequency spectrum},
  author={Amiri, Majid and Tofigh, Farzad and Shariati, Negin and Lipman, Justin and Abolhasan, Mehran},
  booktitle={2020 14th European Conference on Antennas and Propagation (EuCAP)},
  pages={1--5},
  year={2020},
  organization={IEEE}
}

@article{saki2020comprehensive,
  title={A Comprehensive Access Point Placement for IoT Data Transmission Through Train-Wayside Communications in Multi-Environment Based Rail Networks},
  author={Saki, Mahdi and Abolhasan, Mehran and Lipman, Justin and Jamalipour, Abbas},
  journal={IEEE Transactions on Vehicular Technology},
  volume={69},
  number={10},
  pages={11937--11949},
  year={2020},
  publisher={IEEE}
}

@article{amiri2020wide,
  title={Wide-angle metamaterial absorber with highly insensitive absorption for TE and TM modes},
  author={Amiri, Majid and Tofigh, Farzad and Shariati, Negin and Lipman, Justin and Abolhasan, Mehran},
  journal={Scientific Reports},
  volume={10},
  number={1},
  pages={1--13},
  year={2020},
  publisher={Nature Publishing Group}
}

@article{saki2020mobility,
  title={Mobility Model for Contact-Aware Data Offloading Through Train-to-Train Communications in Rail Networks},
  author={Saki, Mahdi and Abolhasan, Mehran and Lipman, Justin and Jamalipour, Abbas},
  journal={IEEE Transactions on Intelligent Transportation Systems},
  year={2020},
  publisher={IEEE}
}

@article{amiri2020review,
  title={Review on Metamaterial Perfect Absorbers and Their Applications to IoT},
  author={Amiri, Majid and Tofigh, Farzad and Shariati, Negin and Lipman, Justin and Abolhasan, Mehran},
  journal={IEEE Internet of Things Journal},
  year={2020},
  publisher={IEEE}
}

@article{amiri2020soil,
  title={Soil Moisture Remote Sensing Using SIW Cavity Based Metamaterial Perfect Absorber},
  author={Amiri, Majid and Abolhasan, Mehran and Shariati, Negin and Lipman, Justin},
  year={2020}
}