@inproceedings{hastings2015comparing,
  title={Comparing global link arrangements for dragonfly networks},
  author={Hastings, Emily and Rincon-Cruz, David and Spehlmann, Marc and Meyers, Sofia and Xu, Anda and Bunde, David P and Leung, Vitus J},
  booktitle={2015 IEEE International Conference on Cluster Computing},
  pages={361--370},
  year={2015},
  organization={IEEE}
}

@article{hastings2018structure,
  title={Structure or Nurture?: The Effects of Team-Building Activities and Team Composition on Team Outcomes},
  author={Hastings, Emily M and Jahanbakhsh, Farnaz and Karahalios, Karrie and Marinov, Darko and Bailey, Brian P},
  journal={Proceedings of the ACM on Human-Computer Interaction},
  volume={2},
  number={CSCW},
  pages={68},
  year={2018},
  publisher={ACM}
}