@inproceedings{kong2019coarse,
     author={Kong, Xian and Rudnicki, Paul and Qin, Jian},
     title={Coarse-grained simulation of lithium dendrite suppression by flowable polymer coating},
     booktitle = "Presented at the American Physical Society March Meeting",
     year    = 2019,
     address = "Boston, MA"
}

@inproceedings{kongPOCaiche,
     author={Kong, Xian and Jiang, Jianwen},
     title={Water Desalination Using Porous Organic Cage Membranes: A Simulation Exploration},
     booktitle = "Presented at the AIChE Annual Meeting",
     year    = 2017,
     address = "Minneapolis, MN"
}

@inproceedings{kongMMMaiche,
     author={Kong, Xian and Jiang, Jianwen},
     title={Molecular Dynamics Simulation of Mixed Matrix Membrane Formed By Porous Organic Cage and Polymer with Intrinsic Microporosity},
     booktitle = "Presented at the AIChE Annual Meeting",
     year    = 2017,
     address = "Minneapolis, MN"
}

@inproceedings{kong2017SLBaps,
     author={Kong, Xian and Lu, Diannan and Liu, Zheng and Wu, Jianzhong},
     title={A Theoretical Study on the Morphological Phase Diagram of Supported Lipid Bilayers},
     booktitle = "Presented at the American Physical Society March Meeting",
     year    = 2017,
     address = "New Orleans, LA"
}

@inproceedings{kong2017POCicmat,
     author={Kong, Xian and Jiang, Jianwen},
     title={Water Desalination using Porous Organic Cage Membranes: A Simulation Exploration},
     booktitle = "Presented at 9th International Conference on Materials for Advanced Technologies",
     year    = 2017,
     address = "Singapore, Singapore"
}

@inproceedings{kongSLBaiche,
     author={Kong, Xian and Lu, Diannan and Liu, Zheng and Wu, Jianzhong},
     title={Pseudo Phase Diagrams of Supported Lipid Bilayers Formation: A Density Functional Theory Study},
     booktitle = "Presented at the AIChE Annual Meeting",
     year    = 2015,
     address = "Salt Lake City, UT"
}

@inproceedings{kongSLBaiche2013,
     author={Kong, Xian and Lu, Diannan and Liu, Zheng},
     title={How Do Charge Density and Roughness of Surface Affect Formation of Supported Lipid Bilayers: A Coarse-Grained Molecular Dynamics Simulation},
     booktitle = "Presented at the AIChE Annual Meeting",
     year    = 2013,
     address = "San Francisco, CA"
}

@inproceedings{kongCICHE2015,
     author={Kong, Xian and Lu, Diannan and Liu, Zheng},
     title={表面张力影响磷脂双层膜稳定性的分子模拟研究},
     booktitle = "Presented at the 中国化工学会年会",
     year    = 2015,
     address = "Beijing, China"
}

@inproceedings{kongCNT2013,
     author={Kong, Xian and Lu, Diannan},
     title={Accelerating water transport through a charged SWCNT: A molecular dynamics simulation},
     booktitle = "Presented at the International Conference on Separation Science and Technology",
     year    = 2013,
     address = "Chengdu, China"
}

@inproceedings{kongXian2013,
     author={Chen, Qile and Kong*, Xian and Lu, Diannan and Liu, Zheng},
     title={Acceleration of water transport in charged double-wall carbon nanotube},
     booktitle = "Presented at the Aseanian Membrane Society 8th",
     year    = 2013,
     address = "Xian, China"
}

@inproceedings{kongBJ2013,
     author={Kong, Xian and Lu, Diannan and Liu, Zheng},
     title={How surface tension influences the properties of DPPC bilayer and its implication on hydrophobic drug delivery: A coarse grained MD simulation},
     booktitle = "Presented at the Biochemical and Molecular Engineering XVIII",
     year    = 2013,
     address = "Beijing, China"
}

@inproceedings{kongACB2011,
     author={Kong, Xian and Lu, Diannan and Liu, Zheng},
     title={Preparation and characterization of penicillin acylase nanogel},
     booktitle = "Presented at the Asian Congress on Biotechnology 2011",
     year    = 2011,
     address = "Shanghai, China"
}

%---------------------

@inproceedings{liuOSNaiche,
     author={Liu, Jie and Kong, Xian and Jiang, Jianwen},
     title={Effects of Pore Size in Polybenzimidazole Membranes on the Performance of Organic Solvent Nanofiltration},
     booktitle = "Presented at the AIChE Annual Meeting",
     year    = 2017,
     address = "Minneapolis, MN"
}

@inproceedings{khariton2018neuronal,
     author={Khariton, Margarita and Kong, Xian and Qin, Jian and Wang, Bo},
     title={A Neuronal Jam in a Primitive Brain},
     booktitle = "Presented at the American Physical Society March Meeting",
     year    = 2018,
     address = "Los Angeles, CA"
}


