@book{tbilLA,
  title={Linear Algebra for Team-Based Inquiry Learning},
  author={Clontz, Steven and {\bf Lewis}, {\bf D}},
  year={2021},
}
@article{venereau,
  title={V{\'e}n{\'e}reau-type polynomials as potential counterexamples},
  author={{\bf Lewis}, {\bf D}},
  journal={Journal of Pure and Applied Algebra},
  volume={217},
  number={5},
  pages={946--957},
  year={2013},
  publisher={North-Holland}
}

@incollection{stronglyresidual,
  title={Strongly residual coordinates over {$A[x]$}},
  author={{\bf Lewis}, {\bf D}},
  booktitle={Automorphisms in birational and affine geometry},
  pages={407--430},
  year={2014},
  publisher={Springer, Cham}
}

@article{sfpaIII,
  title={Some families of polynomial automorphisms {III}},
  author={Edo, Eric and {\bf Lewis}, {\bf D}},
  journal={Journal of Pure and Applied Algebra},
  volume={219},
  number={4},
  pages={864--874},
  year={2015},
  publisher={North-Holland}
}

@article{jordan1,
  title={Arbitrariness of Jordan structure in factorization: the geometric multiplicity restriction and the 3$\times$ 3 case},
  author={Johnson, Charles R and {\bf Lewis}, {\bf D} and Zhang, Yulin},
  journal={Asian-European Journal of Mathematics},
  volume={5},
  number={03},
  pages={1250036},
  year={2012},
  publisher={World Scientific Publishing Company}
}

@article{jordan2,
  title={Further Geometric Restrictions on Jordan Structure in Matrix Factorization},
  author={Johnson, Charles R and {\bf Lewis}, {\bf D} and Zhang, YuLin},
  journal={Asian-European Journal of Mathematics},
  volume={5},
  number={02},
  pages={1250018},
  year={2012},
  publisher={World Scientific Publishing Company}
}

@article{cotame,
  title={Co-tame polynomial automorphisms},
  author={Edo, Eric and {\bf Lewis}, {\bf D}},
  journal={International Journal of Algebra and Computation},
  volume={29},
  number={05},
  pages={803--825},
  year={2019},
  publisher={World Scientific Publishing Company}
}

@article{normal,
  title={Normal subgroups generated by a single polynomial automorphism},
  author={{\bf Lewis}, {\bf D}},
  journal={Transformation Groups},
  pages={177-189},
  volume={25},
  year={2020},
  publisher={Springer US}
}

@article{algorithmic,
  title={An algorithmic approach to the Polydegree Conjecture for plane polynomial automorphisms},
  author={{\bf Lewis}, {\bf D} and Perry, Kaitlyn and Straub, Armin},
  journal={Journal of Pure and Applied Algebra},
  volume={223},
  number={12},
  pages={5346--5359},
  year={2019},
  publisher={North-Holland}
}

@article{maximal,
  title={The affine automorphism group of $\mathbb{A}^3$ is not a maximal subgroup of the tame automorphism group},
  author={Edo, Eric and {\bf Lewis}, {\bf D}},
  journal={Michigan Mathematics Journal},
  volume={3},
  pages={555--568},
  year={2015}
}

@article{gender,
  title={Gender effects on re-assessment attempts in a standards-based grading implementation},
  author={{\bf Lewis}, {\bf D}},
  journal={PRIMUS},
  volume={30},
  number={5},
  pages={539--551},
  year={2020},
  publisher={Taylor \& Francis}
}

@article{tbil,
  title={Team-Based Inquiry Learning},
  author={{\bf Lewis}, {\bf D} and Clontz, Steven and Estis, Julie},
  journal={PRIMUS},
  volume={31},
  number={2},
  pages={223--238},
  year={2021},
  publisher={Taylor \& Francis}
}


@article{sbg,
  title={Applying a standards-based grading framework across lower level mathematics courses},
  author={Elsinger, Jason and {\bf Lewis}, {\bf D}},
  journal={PRIMUS},
  volume={30},
  number={8-10},
  pages={885--907},
  year={2020},
  publisher={Taylor \& Francis}
}

@article{anxiety,
  title={Student anxiety in standards-based grading in mathematics courses},
  author={{\bf Lewis}, {\bf D}},
  journal={Innovative Higher Education},
  volume={45},
  number={2},
  pages={153--164},
  year={2020},
  publisher={Springer Netherlands}
}

@article{demographics,
  title={Comparing demographics of signatories to public letters on diversity in the mathematical sciences},
  author={Topaz, Chad M and Cart, James and Diaz Eaton, Carrie and Hanson Shrout, Anelise and Higdon, Jude A and Ince, Kenan and Katz, Brian and {\bf Lewis}, {\bf D} and Libertini, Jessica and Smith, Christian Michael},
  journal={PloS one},
  volume={15},
  number={4},
  pages={e0232075},
  year={2020},
  publisher={Public Library of Science San Francisco, CA USA}
}

@article{tbil2,
  title={Improving mathematics content mastery and enhancing flexible problem solving through team-based inquiry learning},
  author={{\bf Lewis}, {\bf D} and Estis, Julie},
  journal={Teaching \& Learning Inquiry},
  volume={8},
  number={2},
  pages={165--183},
  year={2020}
}

@article{iotbl,
  title={Fostering Cognitive Presence, Social Presence and Teaching Presence with Integrated Onlineâ€”Team-Based Learning},
  author={Parrish, Christopher W and Guffey, Sarah K and Williams, David S and Estis, Julie M and {\bf Lewis}, {\bf D}},
  journal={TechTrends},
  volume={65},
  pages={1--12},
  year={2021},
}

@article{tbilSecondary,
  title={Team-Based Inquiry Learning: An Inclusive Framework For Implementing Cognitively Demanding Tasks in Secondary Mathematics},
  author={Parrish, Christopher W and {\bf Lewis}, {\bf D} and Clontz, Steven and Estis, Julie and Morton, Benterah},
  journal={Submitted},
  year={2021},
}

@incollection{teamlearning,
author="Takemoto, Jody K.
and {\bf Lewis}, {\bf D}
and Parrish, Christopher W.
and Coyne, Leanne
and Burns, Christopher M.",
editor="Campbell, Laurie O.
and Hartshorne, Richard
and DeMara, Ronald F.",
title="Team Learning in a Technology-Driven Era",
bookTitle="Perspectives on Digitally-Mediated Team Learning",
year="2021",
publisher="Springer International Publishing",
address="Cham",
pages="33--51",
}


@article{readiness,
  title={Assuring Students' Readiness for Cognitively Demanding Tasks},
  author={Parrish, Christopher and {\bf Lewis}, {\bf D} and Moye, Stephanie},
  journal={Reflections},
  volume={14},
  issue={2},
  year={2021},
  pages={1--12},
}

@article{tmwyf,
  title={{Talk Math With Your Friends}, a Virtual Colloquium},
  author={Clontz, Steven and Hitchman, {T.J.} and Katz, Brian and {\bf Lewis}, {\bf D} and Owens, Kate},
  journal={MAA Focus},
  volume={40},
  issue={4},
  year={2020},
  pages={10-11},
}

@article{socialmedia,
  title={Social Media As a Teaching Resource},
  author={{\bf Lewis}, {\bf D}},
  journal={AMS Blog On Teaching and Learning Mathematics},
  year={2016},
}

@misc{SRAC,
  title={Advances in Algebra: {SRAC 2017, Mobile, Alabama, USA, March 17-19}},
  author={Feldvoss, J{\"o}rg and Grimley, Lauren and {\bf Lewis}, {\bf D} and Pavelescu, Andrei and Pillen, Cornelius},
  year={2019},
  publisher={Springer}
}

@article{testanxiety,
  title={Impacts of Standards-Based Grading on Students' Mindset and Test Anxiety},
  journal={Journal of Scholarship of Teaching and Learning},
  volume={22},
  number={2},
  year={2022},
pages={67-77},
  author={{\bf Lewis}, {\bf D}},
}

@article{embeddings,
  title={A unified approach to embeddings of a line in 3-space},
  author={{\bf Lewis}, {\bf D}},
  journal={Submitted},
  year={2022},
  note={arXiv:2203.08178},
}
