@ARTICLE{8680673,
author={Jilt Sebastian and Mari Ganesh Kumar and Venkat S. Viraraghavan and Mriganka Sur and Hema A. Murthy},
journal={IEEE Transactions on Signal Processing},
title={Spike Estimation from Fluorescence Signals Using High-Resolution Property of Group Delay},
year={2019},
volume={},
number={},
pages={1-1},
keywords={Delays;Signal processing algorithms;Estimation;Neurons;Task analysis;Bandwidth;Resonators},
doi={10.1109/TSP.2019.2908913},
url={http://dx.doi.org/10.1109/TSP.2019.2908913},
ISSN={1053-587X},
month={April},}