
% The entry below contains non-ASCII chars that could not be converted
% to a LaTeX equivalent.
@MASTERSTHESIS{2018-rz,
  title  = "複合現実を用いた「思考・判断」の「表現」を支援するシステムの開発 {ーHoloLensを用いた教育支援システムの一例としてー}",
  author = "内山, 慎太郎",
  editor = "稲垣, 宏",
  year   =  2018,
  school = "豊田工業高等専門学校"
}


% The entry below contains non-ASCII chars that could not be converted
% to a LaTeX equivalent.
@MASTERSTHESIS{2022-xt,
  title  = "教師のガイドによって学習の個性化を支援するシステムの開発と反転授業の事前学習動画における検証",
  author = "内山, 慎太郎",
  editor = "梅村, 恭司",
  year   =  2022,
  school = "豊橋技術科学大学大学院"
}

% The entry below contains non-ASCII chars that could not be converted
% to a LaTeX equivalent.
@MASTERSTHESIS{2019-vz,
  title  = "インタラクションの質に着目した反転授業の事前学習動画に対するアノテーション手法の提案",
  author = "内山, 慎太郎",
  editor = "梅村, 恭司",
  year   =  2019,
  school = "豊橋技術科学大学"
}