@phdthesis{Lat22,
    title    = {Optimal decision-making under constraints and uncertainty (dissertation)},
    school   = {Leiden University},
    author   = {Anna L.D. Latour},
    year     = {2022},
    type = {dissertation},
    month = {sept}
}
