@inproceedings{LatEtAl22b,
    author = {Latour, A.L.D. and Babaki, B. and Fokkinga, D. and Anastacio, M. and Hoos, H.H. and Nijssen, S.},
    title = "Stochastic Constraint Optimisation with Applications in Network Analysis (extended abstract)",
    booktitle = "Workshop on Counting and Sampling 2022, in conjunction with FLoC 2022 and SAT 2022",
    year = "2022",
    month = "aug",
    tags = "constraint optimisation, weighted model counting, probabilistic inference, network analysis, reasoning under uncertainty"
}
