@inproceedings{LatEtAl23,
author={A.L.D. Latour and A. Sen and K.S. Meel},
title={Solving the Identifying Code Set Problem with Grouped Independent Support},
booktitle={Proceedings of the 32nd International Joint Conference on Artificial Intelligence (IJCAI23)},
year={2023},
month={8}
}