@inproceedings{LatEtAl18,
  author    = {A. L. D. Latour and
               B. Babaki and
               S. Nijssen},
  title     = {Stochastic Constraint Optimization using Propagation on Ordered Binary Decision Diagrams},
  booktitle   = {8th International Workshop on Statistical Relational AI (StarAI 2018), held in conjunction with IJCAI 2018},
  month     = {jul},
  year      = {2018}
} 
