@inproceedings{RooEtAl21,
    author = "J.G. Rook and A.L.D. Latour and S. Nijssen and H.H. Hoos",
    title = "Caching in Model Counters: A Journey through Space and Time (extended abstract)",
    booktitle = "Workshop on Counting and Sampling, held in conjunction with SAT 2021",
    year = "2021",
    month = "jul",
    keywords = "machine learning, algorithm configuration, programming by optimisation, model counting",
}
