@misc{Ragland_2023, address={Navy Research Laboratory, Ocean Sciences Division, Stennis MS}, title={Using coherent ambient sound to probe the ocean}, author={Ragland, John}, year={2023}, month={Mar} }
@misc{Ragland_2023, address={MG&amp;G Group, University of Washington, Seattle WA}, title={Using coherent ambient sound to probe the ocean}, author={Ragland, John}, year={2023}, month={May} }
@misc{Ragland_2022, address={Applied Research Laboratory - UW, Seattle WA}, title={Using coherent ambient sound to probe the ocean}, author={Ragland, John}, year={2022}, month={Nov} }
