@article{Rathbun2018SpiketriggeredAE,
  title={Spike-triggered average electrical stimuli as input filters for bionic vision-a perspective.},
  author={Daniel L Rathbun and Nima Ghorbani and Hasti Shabani and Eberhart Zrenner and Zohreh Hosseinzadeh},
  journal={Journal of neural engineering},
  year={2018},
  volume={15/6},
  doi = {10.1088/1741-2552/aae493},
}