@inproceedings{SOMA:ICCV:2021,
  title = {{SOMA}: Solving Optical Marker-Based MoCap Automatically},
  author = {Ghorbani, Nima and Black, Michael J.},
  booktitle = {Proceedings of IEEE/CVF International Conference on Computer Vision (ICCV)},
  month = oct,
  year = {2021},
  url = {https://soma.is.tue.mpg.de/},
  month_numeric = {10}}