@article{hsmal:CVPR:2021,
  title={hSMAL: Detailed Horse Shape and Pose Reconstruction for Motion Pattern Recognition},
  author={Ci Li and Nima Ghorbani and Sofia Broomé and Maheen Rashid and Michael J. Black and Elin Hernlund and Hedvig Kjellström and Silvia Zuffi},
  journal={arXiv preprint arXiv:2106.10102},
  year={2021}
}