@INPROCEEDINGS{10465207,
  author={Rajpopat, Subodh and Padhi, Aswini Kumar and Kumar, Sunil},
  booktitle={2023 IEEE International Conference on Computer Vision and Machine Intelligence (CVMI)}, 
  title={An Efficient Correlated Gamma Wave-Based Lightweight Model for Schizophrenia Detection}, 
  year={2023},
  volume={},
  number={},
  pages={1-6},
  keywords={Analytical models;Neuroscience;Mental disorders;Computational modeling;Brain modeling;Data models;Electroencephalography;Schizophrenia;Electroencephalography;Convo-lutional Neural Network;Correlation Matrix;Gamma waves},
  doi={10.1109/CVMI59935.2023.10465207}}
