@article{coppock2021end2end,
      title={End-2-End COVID-19 Detection from Breath & Cough Audio}, 
      author={Harry Coppock and Alexander Gaskell and Panagiotis Tzirakis and Alice Baird and Lyn Jones and Bj√∂rn W. Schuller},
      year={2021},
      eprint={2102.08359},
      archivePrefix={arXiv},
      primaryClass={cs.SD}
}