@article{coppock2021SevenGrainsofSalt,
  title={COVID-19 Detection from Audio: Seven Grains of Salt},
  author={Harry Coppock and Lyn Jones and Ivan Kiskin and Bj√∂rn W. Schuller},
  journal={The Lancet Digital Health},
  year={2021},
  doi={10.1016/S2589-7500(21)00141-2},
  URL={https://www.thelancet.com/journals/landig/article/PIIS2589-7500(21)00141-2/fulltext}
}