@misc{schuller2020detecting,
      title={Detecting COVID-19 from Breathing and Coughing Sounds using Deep Neural Networks}, 
      author={Bj√∂rn W. Schuller and Harry Coppock and Alexander Gaskell},
      year={2020},
      eprint={2012.14553},
      archivePrefix={arXiv},
      primaryClass={cs.SD}
}