@article{wang2015individual,
  title={Individual differences in rumination in healthy and depressive samples: association with brain structure, functional connectivity and depression},
  author={Wang, K and Wei, D and Yang, J and Xie, P and Hao, X and Qiu, J},
  journal={Psychological medicine},
  volume={45},
  number={14},
  pages={2999--3008},
  year={2015},
  publisher={Cambridge University Press},
  doi={10.1017/s0033291715000938},
  pdflink={wang2015individual.pdf},
  mark={#},
  IF={}
}

@article{wei2015regional,
  title={Regional gray matter volume and anxiety-related traits interact to predict somatic complaints in a non-clinical sample},
  author={Wei, Dongtao and Du, Xue and Li, Wenfu and Chen, Qunlin and Li, Haijiang and Hao, Xin and Zhang, Lei and Hitchman, Glenn and Zhang, Qinglin and Qiu, Jiang},
  journal={Social cognitive and affective neuroscience},
  volume={10},
  number={1},
  pages={122--128},
  year={2015},
  publisher={Oxford University Press},
  doi={10.1093/scan/nsu033},
  pdflink={wei2015regional.pdf},
  mark={#},
  IF={}

}





