@article{tian2016assessment,
  title={Assessment of trait anxiety and prediction of changes in state anxiety using functional brain imaging: a test--retest study},
  author={Tian, Xue and Wei, Dongtao and Du, Xue and Wang, Kangcheng and Yang, Junyi and Liu, Wei and Meng, Jie and Liu, Huijuan and Liu, Guangyuan and Qiu, Jiang},
  journal={Neuroimage},
  volume={133},
  pages={408--416},
  year={2016},
  publisher={Elsevier},
  doi={10.1016/j.neuroimage.2016.03.024},
  pdflink={tian2016assessment.pdf},
  mark={#},
  IF={}
}

@article{li2016attentional,
  title={Attentional bias modification (ABM) training induces spontaneous brain activity changes in young women with subthreshold depression: a randomized controlled trial},
  author={Li, Haijiang and Wei, Dongtao and Browning, Michael and Du, X and Zhang, Q and Qiu, J},
  journal={Psychological medicine},
  volume={46},
  number={5},
  pages={909--920},
  year={2016},
  publisher={Cambridge University Press},
  doi={10.1017/s003329171500238x},
  pdflink={li2016attentional.pdf},
  mark={#},
  IF={}
  
}





