@article{liu2017longitudinal,
  title={Longitudinal test-retest neuroimaging data from healthy young adults in southwest China},
  author={Liu, Wei and Wei, Dongtao and Chen, Qunlin and Yang, Wenjing and Meng, Jie and Wu, Guorong and Bi, Taiyong and Zhang, Qinglin and Zuo, Xi-Nian and Qiu, Jiang},
  journal={Scientific data},
  volume={4},
  number={1},
  pages={1--9},
  year={2017},
  publisher={Nature Publishing Group}
  doi={10.1038/sdata.2017.17},
  pdflink={liu2017longitudinal.pdf},
  mark={#},
  IF={}
}





