@article{wei2018structural,
  title={Structural and functional brain scans from the cross-sectional Southwest University adult lifespan dataset},
  author={Wei, Dongtao and Zhuang, Kaixiang and Ai, Lei and Chen, Qunlin and Yang, Wenjing and Liu, Wei and Wang, Kangcheng and Sun, Jiangzhou and Qiu, Jiang},
  journal={Scientific data},
  volume={5},
  number={1},
  pages={1--10},
  year={2018},
  publisher={Nature Publishing Group},
  doi={10.1038/sdata.2018.134},
  pdflink={wei2018structural.pdf},
  mark={#},
  IF={}
}





