@article{wu2019personality,
  title={Personality traits are related with dynamic functional connectivity in major depression disorder: A resting-state analysis},
  author={Wu, Xinran and He, Hong and Shi, Liang and Xia, Yunman and Zuang, Kaixiang and Feng, Qiuyang and Zhang, Yao and Ren, Zhiting and Wei, Dongtao and Qiu, Jiang},
  journal={Journal of Affective Disorders},
  volume={245},
  pages={1032--1042},
  year={2019},
  publisher={Elsevier},
  doi={10.1016/j.jad.2018.11.002},
  pdflink={wu2019personality.pdf},
  mark={},
  IF={}
}




