@article{wei2020reductions,
  title={The reductions in the subcallosal region cortical volume and surface area in major depressive disorder across the adult life span},
  author={Wei, Dongtao and Wang, Kangcheng and Meng, Jie and Zhuang, Kaixiang and Chen, Qunlin and Yan, Wenjing and Xie, Peng and Qiu, Jiang},
  journal={Psychological Medicine},
  volume={50},
  number={3},
  pages={422--430},
  year={2020},
  publisher={Cambridge University Press},
  doi={10.1017/s0033291719000230},
  pdflink={wei2020reductions.pdf},
  mark={},
  IF={}
}



