@article{liu2021morphometry,
  title={Morphometry of the hippocampus across the adult life-span in patients with depressive disorders: association with neuroticism},
  author={Liu, Yu and Meng, Jie and Wang, Kangcheng and Zhuang, Kaixiang and Chen, Qunlin and Yang, Wenjing and Qiu, Jiang and Wei, Dongtao},
  journal={Brain Topography},
  volume={34},
  number={5},
  pages={587--597},
  year={2021},
  publisher={Springer},
  doi={10.1007/s10548-021-00846-0},
  pdflink={liu2021morphometry.pdf},
  mark={*},
  IF={}
}


@article{he2021functional,
  title={Functional connectome prediction of anxiety related to the COVID-19 pandemic},
  author={He, Li and Wei, Dongtao and Yang, Fan and Zhang, Jie and Cheng, Wei and Feng, Jianfeng and Yang, Wenjing and Zhuang, Kaixiang and Chen, Qunlin and Ren, Zhiting and others},
  journal={American Journal of Psychiatry},
  volume={178},
  number={6},
  pages={530--540},
  year={2021},
  publisher={Am Psychiatric Assoc},
  doi={appi.ajp.2020.20070979},
  pdflink={he2021functional.pdf},
  mark={#},
  IF={17.7}
}

