
@article{yang2022creative,
  title={Creative problem solving in knowledge-rich contexts},
  author={Yang, Wenjing and Green, Adam E and Chen, Qunlin and Kenett, Yoed N and Sun, Jiangzhou and Wei, Dongtao and Qiu, Jiang},
  journal={Trends in Cognitive Sciences},
  year={2022},
  publisher={Elsevier},
  doi={10.1016/j.tics.2022.06.012},
  pdflink={yang2022creative.pdf},
  mark={},
  IF={19.9}
}


@article{mao2022resting,
  title={Resting-state functional connectome predicts individual differences in depression during COVID-19 pandemic.},
  author={Mao, Yu and Chen, Qunlin and Wei, Dongtao and Yang, Wenjing and Sun, Jiangzhou and Yu, Yaxu and Zhuang, Kaixiang and Wang, Xiaoqin and He, Li and Feng, Tingyong and others},
  journal={American Psychologist},
  year={2022},
  publisher={American Psychological Association},
  doi={10.1037/amp0001031},
  pdflink={mao2022resting.pdf},
  mark={},
  IF={16.4},
}

@article{mao2022neural,
  title={A Neural Predictive Model of Negative Emotions for COVID-19},
  author={Mao, Yu and Wei, Dongtao and Yang, Wenjing and Sun, Jiangzhou and Yu, Yaxu and Zhuang, Kaixiang and Wang, Xiaoqin and He, Li and Feng, Tingyong and Lei, Xu and others},
  journal={IEEE Transactions on Affective Computing},
  year={2022},
  publisher={IEEE},
  doi={10.1109/taffc.2022.3181671 },
  pdflink={mao2022neural.pdf},
  mark={},
  IF={11.2}
}

@article{xia2022connectome,
  title={Connectome gradient dysfunction in major depression and its association with gene expression profiles and treatment outcomes},
  author={Xia, Mingrui and Liu, Jin and Mechelli, Andrea and Sun, Xiaoyi and Ma, Qing and Wang, Xiaoqin and Wei, Dongtao and Chen, Yuan and Liu, Bangshan and Huang, Chu-Chung and others},
  journal={Molecular Psychiatry},
  volume={27},
  number={3},
  pages={1384--1393},
  year={2022},
  publisher={Nature Publishing Group UK London},
  doi={10.1038/s41380-022-01519-5},
  pdflink={xia2022connectome.pdf},
  mark={},
  IF={11}
}

@article{wei2022cortical,
  title={Cortical development mediates association of prenatal maternal depressive symptoms and child reward sensitivity: a longitudinal study},
  author={Wei, Dongtao and Zhang, Han and Broekman, Birit FP and Chong, Yap-Seng and Shek, Lynette P and Yap, Fabian and Tan, Kok-Hian and Gluckman, Peter D and Meaney, Michael J and Fortier, Marielle V and others},
  journal={Journal of the American Academy of Child \& Adolescent Psychiatry},
  volume={61},
  number={3},
  pages={392--401},
  year={2022},
  publisher={Elsevier},
  doi={10.1016/j.jaac.2021.05.021},
  pdflink={wei2022cortical.pdf},
  mark={#},
  IF={}
}