@article{finn2015functional,
  title={Functional connectome fingerprinting: identifying individuals using patterns of brain connectivity},
  author={Finn, Emily S and Shen, Xilin and Scheinost, Dustin and Rosenberg, Monica D and Huang, Jessica and Chun, Marvin M and Papademetris, Xenophon and Constable, R Todd},
  journal={Nature neuroscience},
  volume={18},
  number={11},
  pages={1664--1671},
  year={2015},
  publisher={Nature Publishing Group}
}

@article{shen2017using,
  title={Using connectome-based predictive modeling to predict individual behavior from brain connectivity},
  author={Shen, Xilin and Finn, Emily S and Scheinost, Dustin and Rosenberg, Monica D and Chun, Marvin M and Papademetris, Xenophon and Constable, R Todd},
  journal={nature protocols},
  volume={12},
  number={3},
  pages={506--518},
  year={2017},
  publisher={Nature Publishing Group UK London}
}