








@article{doi:10.1021/acscatal.4c01456,
author = {Shi, Lunlun and Chen, Xiupeng and Li, Aitao and Wu, Xiaoling and Kong, Xian and Lou, Hongming and Li, Zhixian},
title = {Boosting Catalytic Performance of Cytochrome c through Tailored Carboxymethylation in Covalent Organic Frameworks},
journal = {ACS Catalysis},
volume = {14},
number = {10},
pages = {7639-7648},
year = {2024},
doi = {10.1021/acscatal.4c01456},

URL = { 
    
        https://doi.org/10.1021/acscatal.4c01456
    
    

},
eprint = { 
    
        https://doi.org/10.1021/acscatal.4c01456
    
    

}

}


