








@article{doi:10.1021/acs.jpclett.4c01689,
author = {Du, Linhan and Li, Jipeng and Kong, Xian and Lu, Diannan and Liu, Zheng and Guo, Wei},
title = {Understanding the K+/Na+-Selectivity-Enabled Osmotic Power Generation: High Selectivity May Not Be Indispensable},
journal = {The Journal of Physical Chemistry Letters},
volume = {15},
number = {30},
pages = {7755-7762},
year = {2024},
doi = {10.1021/acs.jpclett.4c01689},
    note ={PMID: 39046908},

URL = { 
    
        https://doi.org/10.1021/acs.jpclett.4c01689
    
    

},
eprint = { 
    
        https://doi.org/10.1021/acs.jpclett.4c01689
    
    

}

}


