@Article{Liu2024,
author={Liu, Xinqiang
and Kong, Xian},
title={Minimal Coarse-Grained Models of Polar Solvent for Electrolytes: Stockmayer Versus Dumbbell},
journal={The Journal of Physical Chemistry B},
year={2024},
month={Apr},
day={25},
publisher={American Chemical Society},
volume={128},
number={16},
pages={3953--3963},
issn={1520-6106},
doi={10.1021/acs.jpcb.4c00635},
url={https://doi.org/10.1021/acs.jpcb.4c00635}
}

