@Article{Boyle2020,
author={Boyle, David T.
and Kong, Xian
and Pei, Allen
and Rudnicki, Paul E.
and Shi, Feifei
and Huang, William
and Bao, Zhenan
and Qin, Jian
and Cui, Yi},
title={Transient Voltammetry with Ultramicroelectrodes Reveals the Electron Transfer Kinetics of Lithium Metal Anodes},
journal={ACS Energy Letters},
year={2020},
month={Mar},
day={13},
publisher={American Chemical Society},
volume={5},
number={3},
pages={701--709},
doi={10.1021/acsenergylett.0c00031},
url={https://doi.org/10.1021/acsenergylett.0c00031}
}

