@inproceedings{GNNAdvisor,
  title={GNNAdvisor: An Efficient Runtime System for GNN Acceleration on GPUs},
  author={Yuke Wang, Boyuan Feng, Gushu Li, Shuangchen Li, Lei Deng, Yuan Xie, and Yufei Ding},
  booktitle={USENIX Symposium on Operating Systems Design and Implementation (OSDI'21)},
  year={2021}
}

@inproceedings{TiAcc,
  title={TiAcc: Triangle-inequality based Hardware Accelerator for K-means on FPGAs},
  author={Yuke Wang, Boyuan Feng, Gushu Li, Georgios Tzimpragos, Lei Deng, Yuan Xie, and Yufei Ding},
  booktitle={IEEE/ACM International Symposium on Cluster, Cloud and Grid Computing. (CCGrid'21)},
  year={2021}
}

@inproceedings{SAGA,
  title={SAGA: Sparse Adversarial Attack on EEG-based Brain Computer Interface.},
  author={Boyuan Feng, Yuke Wang, and Yufei Ding},
  booktitle={IEEE International Conference on Acoustics, Speech, Signal Processing. (ICASSP'21)},
  year={2021}
}

@inproceedings{UAG,
  title={UAG: Uncertainty-aware Attention Graph Neural Network for Defending Adversarial Attacks.},
  author={Boyuan Feng, Yuke Wang, and Yufei Ding},
  booktitle={AAAI Conference on Artificial Intelligence. (AAAI'21)},
  year={2021}
}

@inproceedings{TCVM,
  title={EGEMM-TC: Accelerating Scientific Computing on Tensor Cores with Extended Precision.},
  author={Boyuan Feng, Yuke Wang, Guoyang Chen, Weifeng Zhang, Yuan Xie, and Yufei Ding},
  booktitle={ACM SIGPLAN Symposium on Principles and Practice of Parallel Programming. (PPoPP'21)},
  year={2021}
}

@inproceedings{DSXplore,
  title={DSXplore: Optimizing Convolutional Neural Networks via Sliding-Channel Convolutions},
  author={Yuke Wang and Boyuan Feng and Yufei Ding},
  booktitle={2021 IEEE International Parallel and Distributed Processing Symposium (IPDPS)},
  year={2021}
}

@inproceedings{SGQuant,
  title={SGQuant: Squeezing the Last Bit on Graph Neural Networks with Specialized Quantization.},
  author={Boyuan Feng, Yuke Wang, Xu Li, Shu Yang, Xueqiao Peng, and Yufei Ding},
  booktitle={International Conference on Tools with Artificial Intelligence (ICTAI'20)},
  year={2020}
}

@inproceedings{dualInfer,
  title={Boosting Deep Neural Network Efficiency with Dual-Module Inference.},
  author={Liu Liu, Lei Deng, Zhaodong Chen, Yuke Wang, Shuangchen Li, Jingwei Zhang, Yihua Yang, Zhenyu Gu, Yufei Ding, and Yuan Xie.},
  booktitle={International Conference on Machine Learning. (ICML'20)},
  year={2020}
}

@inproceedings{KPynq,
  title={KPynq: A Work-Efficient Triangle-Inequality based K-means on FPGA.},
  author={Yuke Wang, Zhaorui Zeng, Boyuan Feng, Lei Deng, and Yufei Ding.},
  booktitle={IEEE Symposium on Field-Programmable Custom Computing Machines. (FCCM'19)},
  year={2019}
}

@inproceedings{Rubik,
  title={Rubik: A Hierarchical Architecture for Efficient Graph Learning},
  author={Xiaobing Chen, Yuke Wang, Xinfeng Xie, Xing Hu, Abanti Basak, Ling Liang, Mingyu Yan, Lei Deng, Yufei Ding, Zidong Du, Yunji Chen, and Yuan Xie.},
  booktitle={IEEE Transactions on Computer Aided Design of Integrated Circuits & Systems. (TCAD'21)},
  year={2021}
}