---
---

@article{mcinroe-ksl,
  title={Learning Temporally-Consistent Representations for Data-Efficient Reinforcement Learning},
  author={McInroe, Trevor and Lukas Sch√§fer and Stefano V. Albrecht},
  year={2021},
  pdf={mcinroe-ksl.pdf},
  abbr={arXiv}
}
