References
==========

@article{antoniou2018dilated,
  title={Dilated DenseNets for relational reasoning},
  author={Antoniou, Antreas and S{\l}owik, Agnieszka and Crowley, Elliot J and Storkey, Amos},
  journal={arXiv preprint arXiv:1811.00410},
  year={2018}
}

@article{antoniou2018train,
  title={How to train your MAML},
  author={Antoniou, Antreas and Edwards, Harrison and Storkey, Amos},
  journal={arXiv preprint arXiv:1810.09502},
  year={2018}
}

@article{darlow2018cinic,
  title={CINIC-10 is not ImageNet or CIFAR-10},
  author={Darlow, Luke N and Crowley, Elliot J and Antoniou, Antreas and Storkey, Amos J},
  journal={arXiv preprint arXiv:1810.03505},
  year={2018}
}

@InProceedings{10.1007/978-3-030-01424-7_58,
author="Antoniou, Antreas
and Storkey, Amos
and Edwards, Harrison",
editor="K{\r{u}}rkov{\'a}, V{\v{e}}ra
and Manolopoulos, Yannis
and Hammer, Barbara
and Iliadis, Lazaros
and Maglogiannis, Ilias",
title="Augmenting Image Classifiers Using Data Augmentation Generative Adversarial Networks",
booktitle="Artificial Neural Networks and Machine Learning -- ICANN 2018",
year="2018",
publisher="Springer International Publishing",
address="Cham",
pages="594--603",
abstract="Effective training of neural networks requires much data. In the low-data regime, parameters are underdetermined, and learnt networks generalise poorly. Data Augmentation alleviates this by using existing data more effectively, but standard data augmentation produces only limited plausible alternative data. Given the potential to generate a much broader set of augmentations, we design and train a generative model to do data augmentation. The model, based on image conditional Generative Adversarial Networks, uses data from a source domain and learns to take a data item and augment it by generating other within-class data items. As this generative process does not depend on the classes themselves, it can be applied to novel unseen classes. We demonstrate that a Data Augmentation Generative Adversarial Network (DAGAN) augments classifiers well on Omniglot, EMNIST and VGG-Face.",
isbn="978-3-030-01424-7"
}

@article{antoniou2017data,
  title={Data augmentation generative adversarial networks},
  author={Antoniou, Antreas and Storkey, Amos and Edwards, Harrison},
  journal={arXiv preprint arXiv:1711.04340},
  year={2017}
}

@inproceedings{antoniou2016general,
  title={A general purpose intelligent surveillance system for mobile devices using deep learning},
  author={Antoniou, Antreas and Angelov, Plamen},
  booktitle={Neural Networks (IJCNN), 2016 International Joint Conference on},
  pages={2879--2886},
  year={2016},
  organization={IEEE}
}









