% This file was created with JabRef 2.10.
% Encoding: UTF-8



@book{greene2012econometric,
  title={Econometric Analysis 8th ed.},
  author={Greene, William H},
  year={2012},
  publisher={Pearson Education, Inc}
}

@book{davidson2004econometric,
  title={Econometric theory and methods},
  author={Davidson, Russell and MacKinnon, James G and others},
  volume={5},
  year={2004},
  publisher={Oxford University Press New York}
}

@book{cameron2005microeconometrics,
  title={Microeconometrics: methods and applications},
  author={Cameron, A Colin and Trivedi, Pravin K},
  year={2005},
  publisher={Cambridge university press}
}

